<record><leader>00000cas a2200000 a 4500</leader><controlfield tag="001">12308829</controlfield><controlfield tag="008">850726d185u186uiluwr ne      0    0eng c</controlfield><datafield ind1=" " ind2=" " tag="010"><subfield code="a">sn 85038343 </subfield></datafield><datafield ind1=" " ind2=" " tag="040"><subfield code="a">NPY</subfield><subfield code="b">eng</subfield><subfield code="c">NPY</subfield><subfield code="d">NVF</subfield><subfield code="d">CVF</subfield><subfield code="d">OCLCQ</subfield></datafield><datafield ind1=" " ind2=" " tag="042"><subfield code="a">pcc</subfield></datafield><datafield ind1=" " ind2=" " tag="043"><subfield code="a">n-us-il</subfield></datafield><datafield ind1="0" ind2="4" tag="245"><subfield code="a">The Mt. Vernon star.</subfield></datafield><datafield ind1="1" ind2="3" tag="246"><subfield code="a">Mount Vernon star</subfield></datafield><datafield ind1=" " ind2=" " tag="260"><subfield code="a">Mount Vernon, Ill. :</subfield><subfield code="b">Satterfield and Brother</subfield></datafield><datafield ind1=" " ind2=" " tag="300"><subfield code="a">v.</subfield></datafield><datafield ind1=" " ind2=" " tag="310"><subfield code="a">Weekly</subfield></datafield><datafield ind1=" " ind2=" " tag="588"><subfield code="a">Description based on: Vol. 3, no. 39 (May 7, 1861).</subfield></datafield><datafield ind1=" " ind2=" " tag="752"><subfield code="a">United States</subfield><subfield code="b">Illinois</subfield><subfield code="c">Jefferson</subfield><subfield code="d">Mount Vernon.</subfield></datafield><datafield ind1="0" ind2="0" tag="785"><subfield code="t">Mt. Vernon free press</subfield><subfield code="w">(DLC)sn 84020065</subfield><subfield code="w">(OCoLC)10310635</subfield></datafield><datafield ind1="1" ind2=" " tag="029"><subfield code="a">AU@</subfield><subfield code="b">000020383682</subfield></datafield></record>